





@article{doi:10.1021/nl201839g,
author = {Coenen, Toon and Vesseur, Ernst Jan R. and Polman, Albert and Koenderink, A. Femius},
title = {Directional Emission from Plasmonic Yagiâ€“Uda Antennas Probed by Angle-Resolved Cathodoluminescence Spectroscopy},
journal = {Nano Letters},
volume = {11},
number = {9},
pages = {3779-3784},
year = {2011},
doi = {10.1021/nl201839g},
    note ={PMID: 21780758},

URL = { 
        http://dx.doi.org/10.1021/nl201839g
    
},
eprint = { 
        http://dx.doi.org/10.1021/nl201839g
    
}

}


