





@article{doi:10.1021/acsnano.5b06738,
author = {Scholl, Jonathan A. and Garcia-Etxarri, Aitzol and Aguirregabiria, Garikoitz and Esteban, Ruben and Narayan, Tarun C. and Koh, Ai Leen and Aizpurua, Javier and Dionne, Jennifer A.},
title = {Evolution of Plasmonic Metamolecule Modes in the Quantum Tunneling Regime},
journal = {ACS Nano},
volume = {10},
number = {1},
pages = {1346-1354},
year = {2016},
doi = {10.1021/acsnano.5b06738},
    note ={PMID: 26639023},

URL = { 
        http://dx.doi.org/10.1021/acsnano.5b06738
    
},
eprint = { 
        http://dx.doi.org/10.1021/acsnano.5b06738
    
}

}


