





@article{doi:10.1021/nn301398a,
author = {Liu, Wei and Miroshnichenko, Andrey E. and Neshev, Dragomir N. and Kivshar, Yuri S.},
title = {Broadband Unidirectional Scattering by Magneto-Electric Coreâ€“Shell Nanoparticles},
journal = {ACS Nano},
volume = {6},
number = {6},
pages = {5489-5497},
year = {2012},
doi = {10.1021/nn301398a},
    note ={PMID: 22545872},

URL = { 
        http://dx.doi.org/10.1021/nn301398a
    
},
eprint = { 
        http://dx.doi.org/10.1021/nn301398a
    
}

}


