





@article{doi:10.1021/acs.nanolett.7b00672,
author = {Tanaka, Yoshito Y. and Shimura, Tsutomu},
title = {Tridirectional Polarization Routing of Light by a Single Triangular Plasmonic Nanoparticle},
journal = {Nano Letters},
volume = {17},
number = {5},
pages = {3165-3170},
year = {2017},
doi = {10.1021/acs.nanolett.7b00672},
    note ={PMID: 28388075},

URL = { 
        http://dx.doi.org/10.1021/acs.nanolett.7b00672
    
},
eprint = { 
        http://dx.doi.org/10.1021/acs.nanolett.7b00672
    
}

}


