





@article{doi:10.1021/jp0613485,
author = {Brandl, Daniel W. and Mirin, Nikolay A. and Nordlander, Peter},
title = {Plasmon Modes of Nanosphere Trimers and Quadrumers},
journal = {The Journal of Physical Chemistry B},
volume = {110},
number = {25},
pages = {12302-12310},
year = {2006},
doi = {10.1021/jp0613485},
    note ={PMID: 16800552},

URL = { 
        http://dx.doi.org/10.1021/jp0613485
    
},
eprint = { 
        http://dx.doi.org/10.1021/jp0613485
    
}

}


