





@article{doi:10.1021/nl202143j,
author = {Sheikholeslami, Sassan N. and Garc√≠a-Etxarri, Aitzol and Dionne, Jennifer A.},
title = {Controlling the Interplay of Electric and Magnetic Modes via Fano-like Plasmon Resonances},
journal = {Nano Letters},
volume = {11},
number = {9},
pages = {3927-3934},
year = {2011},
doi = {10.1021/nl202143j},
    note ={PMID: 21819059},

URL = { 
        http://dx.doi.org/10.1021/nl202143j
    
},
eprint = { 
        http://dx.doi.org/10.1021/nl202143j
    
}

}


