





@article{doi:10.1021/nn406126u,
author = {Schimpf, Alina M. and Thakkar, Niket and Gunthardt, Carolyn E. and Masiello, David J. and Gamelin, Daniel R.},
title = {Charge-Tunable Quantum Plasmons in Colloidal Semiconductor Nanocrystals},
journal = {ACS Nano},
volume = {8},
number = {1},
pages = {1065-1072},
year = {2014},
doi = {10.1021/nn406126u},
    note ={PMID: 24359559},

URL = { 
        http://dx.doi.org/10.1021/nn406126u
    
},
eprint = { 
        http://dx.doi.org/10.1021/nn406126u
    
}

}


