





@article{doi:10.1021/nl8021835,
author = {Jain, Prashant K. and El-Sayed, Mostafa A.},
title = {Noble Metal Nanoparticle Pairs: Effect of Medium for Enhanced Nanosensing},
journal = {Nano Letters},
volume = {8},
number = {12},
pages = {4347-4352},
year = {2008},
doi = {10.1021/nl8021835},
    note ={PMID: 18956905},

URL = { 
        http://dx.doi.org/10.1021/nl8021835
    
},
eprint = { 
        http://dx.doi.org/10.1021/nl8021835
    
}

}


