





@article{doi:10.1063/1.3644985,
author = {Toon Coenen and Ernst Jan R. Vesseur and Albert Polman},
title = {Angle-resolved cathodoluminescence spectroscopy},
journal = {Applied Physics Letters},
volume = {99},
number = {14},
pages = {143103},
year = {2011},
doi = {10.1063/1.3644985},

URL = { 
        https://doi.org/10.1063/1.3644985
    
},
eprint = { 
        https://doi.org/10.1063/1.3644985
    
}

}


