




@article{doi:10.1063/1.4866669,
author = {A. W. Powell and N. Hjerrild and A. A. R. Watt and H. E. Assender and J. M. Smith},
title = {Directional plasmonic scattering from metal nanoparticles in thin-film environments},
journal = {Applied Physics Letters},
volume = {104},
number = {8},
pages = {081110},
year = {2014},
doi = {10.1063/1.4866669},

URL = { 
        http://dx.doi.org/10.1063/1.4866669
    
},
eprint = { 
        http://dx.doi.org/10.1063/1.4866669
    
}

}


