@proceeding{Pinchuk2016,
author = {Kravets, Vira V. and Pinchuk, Anatoliy O.},
title = {
Near-, middle-, and far-field dipolar interactions in gold nanoparticle arrays
},
journal = {Proc. SPIE},
volume = {9724},
number = {},
pages = {97240B-97240B-8},
year = {2016},
doi = {10.1117/12.2213004},
URL = { http://dx.doi.org/10.1117/12.2213004},
eprint = {}
}