





@article{doi:10.1021/acsnano.6b08189,
author = {Greybush, Nicholas J. and Liberal, IÃ±igo and Malassis, Ludivine and Kikkawa, James M. and Engheta, Nader and Murray, Christopher B. and Kagan, Cherie R.},
title = {Plasmon Resonances in Self-Assembled Two-Dimensional Au Nanocrystal Metamolecules},
journal = {ACS Nano},
volume = {11},
number = {3},
pages = {2917-2927},
year = {2017},
doi = {10.1021/acsnano.6b08189},
    note ={PMID: 28190335},

URL = { 
        http://dx.doi.org/10.1021/acsnano.6b08189
    
},
eprint = { 
        http://dx.doi.org/10.1021/acsnano.6b08189
    
}

}


