@article {Fang534,
	author = {Fang, Nicholas and Lee, Hyesog and Sun, Cheng and Zhang, Xiang},
	title = {Sub\&$\#$150;Diffraction-Limited Optical Imaging with a Silver Superlens},
	volume = {308},
	number = {5721},
	pages = {534--537},
	year = {2005},
	doi = {10.1126/science.1108759},
	publisher = {American Association for the Advancement of Science},
	issn = {0036-8075},
	URL = {http://science.sciencemag.org/content/308/5721/534},
	eprint = {http://science.sciencemag.org/content/308/5721/534.full.pdf},
	journal = {Science}
}
